% Encoding: UTF-8

@article{Hasanzadeh2020,
  author     = {Arman Hasanzadeh and Ehsan Hajiramezanali and Shahin Boluki and Mingyuan Zhou and Nick Duffield and Krishna Narayanan and Xiaoning Qian},
  journal    = {CoRR},
  title      = {Bayesian Graph Neural Networks with Adaptive Connection Sampling},
  year       = {2020},
  volume     = {abs/2006.04064},
  bibsource  = {dblp computer science bibliography, https://dblp.org},
  biburl     = {https://dblp.org/rec/journals/corr/abs-2006-04064.bib},
  eprint     = {2006.04064},
  eprinttype = {arXiv},
  groups     = {PrimaryPapers, primary, Regularization},
  timestamp  = {Thu, 14 Oct 2021 09:15:29 +0200},
  url        = {https://arxiv.org/abs/2006.04064}
}

@inproceedings{Xie2020,
  author    = {Yiqing Xie and Sha Li and Carl Yang and Raymond Chi{-}Wing Wong and Jiawei Han},
  booktitle = {Proceedings of the Twenty-Ninth International Joint Conference on Artificial Intelligence, {IJCAI} 2020},
  title     = {When Do GNNs Work: Understanding and Improving Neighborhood Aggregation},
  year      = {2020},
  editor    = {Christian Bessiere},
  pages     = {1303--1309},
  publisher = {ijcai.org},
  bibsource = {dblp computer science bibliography, https://dblp.org},
  biburl    = {https://dblp.org/rec/conf/ijcai/XieLYW020.bib},
  doi       = {10.24963/ijcai.2020/181},
  groups    = {Basics, Regularization, GeneralOverviewGNN},
  timestamp = {Sun, 02 Oct 2022 16:08:05 +0200},
  url       = {https://doi.org/10.24963/ijcai.2020/181}
}

@article{Srivastava2014,
  author    = {Nitish Srivastava and Geoffrey E. Hinton and Alex Krizhevsky and Ilya Sutskever and Ruslan Salakhutdinov},
  journal   = {J. Mach. Learn. Res.},
  title     = {Dropout: a simple way to prevent neural networks from overfitting},
  year      = {2014},
  number    = {1},
  pages     = {1929--1958},
  volume    = {15},
  bibsource = {dblp computer science bibliography, https://dblp.org},
  biburl    = {https://dblp.org/rec/journals/jmlr/SrivastavaHKSS14.bib},
  doi       = {10.5555/2627435.2670313},
  groups    = {DropoutTechniques, Regularization},
  timestamp = {Thu, 02 Jun 2022 13:58:57 +0200},
  url       = {https://dl.acm.org/doi/10.5555/2627435.2670313}
}

@inproceedings{Hamilton2017,
  author    = {William L. Hamilton and Zhitao Ying and Jure Leskovec},
  booktitle = {Advances in Neural Information Processing Systems 30: Annual Conference on Neural Information Processing Systems 2017, December 4-9, 2017, Long Beach, CA, {USA}},
  title     = {Inductive Representation Learning on Large Graphs},
  year      = {2017},
  editor    = {Isabelle Guyon and Ulrike von Luxburg and Samy Bengio and Hanna M. Wallach and Rob Fergus and S. V. N. Vishwanathan and Roman Garnett},
  pages     = {1024--1034},
  bibsource = {dblp computer science bibliography, https://dblp.org},
  biburl    = {https://dblp.org/rec/conf/nips/HamiltonYL17.bib},
  groups    = {GraphSAGE},
  timestamp = {Thu, 21 Jan 2021 15:15:21 +0100},
  url       = {https://proceedings.neurips.cc/paper/2017/hash/5dd9db5e033da9c6fb5ba83c7a7ebea9-Abstract.html}
}

@inproceedings{Kipf2017,
  author    = {Thomas N. Kipf and Max Welling},
  booktitle = {5th International Conference on Learning Representations, {ICLR} 2017, Toulon, France, April 24-26, 2017, Conference Track Proceedings},
  title     = {Semi-Supervised Classification with Graph Convolutional Networks},
  year      = {2017},
  publisher = {OpenReview.net},
  bibsource = {dblp computer science bibliography, https://dblp.org},
  biburl    = {https://dblp.org/rec/conf/iclr/KipfW17.bib},
  groups    = {PrimaryPapers, primary},
  timestamp = {Thu, 25 Jul 2019 14:25:55 +0200},
  url       = {https://openreview.net/forum?id=SJU4ayYgl}
}

@article{Shuman2013,
  author    = {David I. Shuman and Sunil K. Narang and Pascal Frossard and Antonio Ortega and Pierre Vandergheynst},
  journal   = {{IEEE} Signal Process. Mag.},
  title     = {The Emerging Field of Signal Processing on Graphs: Extending High-Dimensional Data Analysis to Networks and Other Irregular Domains},
  year      = {2013},
  number    = {3},
  pages     = {83--98},
  volume    = {30},
  bibsource = {dblp computer science bibliography, https://dblp.org},
  biburl    = {https://dblp.org/rec/journals/spm/ShumanNFOV13.bib},
  doi       = {10.1109/MSP.2012.2235192},
  groups    = {PrimaryPapers, primary},
  timestamp = {Wed, 14 Nov 2018 10:43:23 +0100},
  url       = {https://doi.org/10.1109/MSP.2012.2235192}
}

@inproceedings{Xu2019,
  author    = {Keyulu Xu and Weihua Hu and Jure Leskovec and Stefanie Jegelka},
  booktitle = {7th International Conference on Learning Representations, {ICLR} 2019, New Orleans, LA, USA, May 6-9, 2019},
  title     = {How Powerful are Graph Neural Networks?},
  year      = {2019},
  publisher = {OpenReview.net},
  bibsource = {dblp computer science bibliography, https://dblp.org},
  biburl    = {https://dblp.org/rec/conf/iclr/XuHLJ19.bib},
  groups    = {PrimaryPapers, primary},
  timestamp = {Thu, 25 Jul 2019 13:03:15 +0200},
  url       = {https://openreview.net/forum?id=ryGs6iA5Km}
}

@inproceedings{Damke2020,
  author    = {Clemens Damke and Vitalik Melnikov and Eyke H{\"{u}}llermeier},
  booktitle = {Proceedings of The 12th Asian Conference on Machine Learning, {ACML} 2020, 18-20 November 2020, Bangkok, Thailand},
  title     = {A Novel Higher-order Weisfeiler-Lehman Graph Convolution},
  year      = {2020},
  editor    = {Sinno Jialin Pan and Masashi Sugiyama},
  pages     = {49--64},
  publisher = {{PMLR}},
  series    = {Proceedings of Machine Learning Research},
  volume    = {129},
  bibsource = {dblp computer science bibliography, https://dblp.org},
  biburl    = {https://dblp.org/rec/conf/acml/DamkeMH20.bib},
  groups    = {WL},
  timestamp = {Fri, 19 Feb 2021 11:42:19 +0100},
  url       = {http://proceedings.mlr.press/v129/damke20a.html}
}

@inproceedings{Rong2020,
  author    = {Yu Rong and Wenbing Huang and Tingyang Xu and Junzhou Huang},
  booktitle = {8th International Conference on Learning Representations, {ICLR} 2020, Addis Ababa, Ethiopia, April 26-30, 2020},
  title     = {DropEdge: Towards Deep Graph Convolutional Networks on Node Classification},
  year      = {2020},
  publisher = {OpenReview.net},
  bibsource = {dblp computer science bibliography, https://dblp.org},
  biburl    = {https://dblp.org/rec/conf/iclr/RongHXH20.bib},
  groups    = {Regularization},
  timestamp = {Thu, 29 Jul 2021 17:20:43 +0200},
  url       = {https://openreview.net/forum?id=Hkx1qkrKPr}
}

@article{Hu2020,
  author        = {Weihua Hu and Matthias Fey and Marinka Zitnik and Yuxiao Dong and Hongyu Ren and Bowen Liu and Michele Catasta and Jure Leskovec},
  journal       = {CoRR},
  title         = {Open Graph Benchmark: Datasets for Machine Learning on Graphs},
  year          = {2020},
  volume        = {abs/2005.00687},
  archiveprefix = {arXiv},
  bibsource     = {dblp computer science bibliography, https://dblp.org},
  biburl        = {https://dblp.org/rec/journals/corr/abs-2005-00687.bib},
  eprint        = {2005.00687},
  groups        = {datasets},
  timestamp     = {Fri, 08 May 2020 15:04:04 +0200},
  url           = {https://arxiv.org/abs/2005.00687}
}

@techreport{DanieleGrattarola2006,
  author   = {Daniele Grattarola, Cesare Alippi},
  title    = {Graph Neural Networks in TensorFlow and Keras with Spektral},
  year     = {2006},
  number   = {audi-},
  abstract = {Proceedings of the International Conference on Machine Learning 2020},
  doi      = {ng},
  file     = {:C\:/Users/dnepr/OneDrive/Desktop/Bachelor/bib_references/Graph Neural Networks in TensorFlow and Keras with Spektral.pdf:PDF},
  groups   = {frameworks},
  keywords = {Graph Neural Networks, Graph Deep Learning, TensorFlow, Keras}
}

@article{Zhou2020a,
  author    = {Jie Zhou and Ganqu Cui and Shengding Hu and Zhengyan Zhang and Cheng Yang and Zhiyuan Liu and Lifeng Wang and Changcheng Li and Maosong Sun},
  journal   = {{AI} Open},
  title     = {Graph neural networks: {A} review of methods and applications},
  year      = {2020},
  pages     = {57--81},
  volume    = {1},
  bibsource = {dblp computer science bibliography, https://dblp.org},
  biburl    = {https://dblp.org/rec/journals/aiopen/ZhouCHZYLWLS20.bib},
  doi       = {10.1016/j.aiopen.2021.01.001},
  groups    = {GeneralOverviewGNN},
  timestamp = {Fri, 13 Aug 2021 14:56:35 +0200},
  url       = {https://doi.org/10.1016/j.aiopen.2021.01.001}
}

@article{Zhang2018,
  author        = {Muhan Zhang and Yixin Chen},
  journal       = {CoRR},
  title         = {Link Prediction Based on Graph Neural Networks},
  year          = {2018},
  volume        = {abs/1802.09691},
  archiveprefix = {arXiv},
  bibsource     = {dblp computer science bibliography, https://dblp.org},
  biburl        = {https://dblp.org/rec/journals/corr/abs-1802-09691.bib},
  eprint        = {1802.09691},
  groups        = {useful-not-directly},
  timestamp     = {Mon, 13 Aug 2018 16:49:05 +0200},
  url           = {http://arxiv.org/abs/1802.09691}
}

@article{Wu2021,
  author    = {Zonghan Wu and Shirui Pan and Fengwen Chen and Guodong Long and Chengqi Zhang and Philip S. Yu},
  journal   = {{IEEE} Trans. Neural Networks Learn. Syst.},
  title     = {A Comprehensive Survey on Graph Neural Networks},
  year      = {2021},
  number    = {1},
  pages     = {4--24},
  volume    = {32},
  bibsource = {dblp computer science bibliography, https://dblp.org},
  biburl    = {https://dblp.org/rec/journals/tnn/WuPCLZY21.bib},
  doi       = {10.1109/TNNLS.2020.2978386},
  groups    = {GeneralOverviewGNN},
  timestamp = {Tue, 01 Jun 2021 09:59:58 +0200},
  url       = {https://doi.org/10.1109/TNNLS.2020.2978386}
}

@article{Kukacka2017,
  author        = {Jan Kukacka and Vladimir Golkov and Daniel Cremers},
  journal       = {CoRR},
  title         = {Regularization for Deep Learning: {A} Taxonomy},
  year          = {2017},
  volume        = {abs/1710.10686},
  archiveprefix = {arXiv},
  bibsource     = {dblp computer science bibliography, https://dblp.org},
  biburl        = {https://dblp.org/rec/journals/corr/abs-1710-10686.bib},
  eprint        = {1710.10686},
  groups        = {Regularization},
  timestamp     = {Sat, 23 Jan 2021 01:20:25 +0100},
  url           = {http://arxiv.org/abs/1710.10686}
}

@inproceedings{Chen2020,
  author    = {Deli Chen and Yankai Lin and Wei Li and Peng Li and Jie Zhou and Xu Sun},
  booktitle = {The Thirty-Fourth {AAAI} Conference on Artificial Intelligence, {AAAI} 2020, The Thirty-Second Innovative Applications of Artificial Intelligence Conference, {IAAI} 2020, The Tenth {AAAI} Symposium on Educational Advances in Artificial Intelligence, {EAAI} 2020, New York, NY, USA, February 7-12, 2020},
  title     = {Measuring and Relieving the Over-Smoothing Problem for Graph Neural Networks from the Topological View},
  year      = {2020},
  pages     = {3438--3445},
  publisher = {{AAAI} Press},
  bibsource = {dblp computer science bibliography, https://dblp.org},
  biburl    = {https://dblp.org/rec/conf/aaai/ChenLLLZS20.bib},
  groups    = {Oversmoothing},
  timestamp = {Mon, 07 Mar 2022 16:58:13 +0100},
  url       = {https://ojs.aaai.org/index.php/AAAI/article/view/5747}
}

@inproceedings{Zhou2020,
  author    = {Kaixiong Zhou and Xiao Huang and Yuening Li and Daochen Zha and Rui Chen and Xia Hu},
  booktitle = {Advances in Neural Information Processing Systems 33: Annual Conference on Neural Information Processing Systems 2020, NeurIPS 2020, December 6-12, 2020, virtual},
  title     = {Towards Deeper Graph Neural Networks with Differentiable Group Normalization},
  year      = {2020},
  editor    = {Hugo Larochelle and Marc'Aurelio Ranzato and Raia Hadsell and Maria{-}Florina Balcan and Hsuan{-}Tien Lin},
  bibsource = {dblp computer science bibliography, https://dblp.org},
  biburl    = {https://dblp.org/rec/conf/nips/Zhou0LZCH20.bib},
  groups    = {Oversmoothing},
  timestamp = {Tue, 19 Jan 2021 15:57:23 +0100},
  url       = {https://proceedings.neurips.cc/paper/2020/hash/33dd6dba1d56e826aac1cbf23cdcca87-Abstract.html}
}

@article{Hamilton2017a,
  author    = {William L. Hamilton and Rex Ying and Jure Leskovec},
  journal   = {{IEEE} Data Eng. Bull.},
  title     = {Representation Learning on Graphs: Methods and Applications},
  year      = {2017},
  number    = {3},
  pages     = {52--74},
  volume    = {40},
  bibsource = {dblp computer science bibliography, https://dblp.org},
  biburl    = {https://dblp.org/rec/journals/debu/HamiltonYL17.bib},
  timestamp = {Tue, 10 Mar 2020 16:23:49 +0100},
  url       = {http://sites.computer.org/debull/A17sept/p52.pdf}
}

@article{Zhang19,
  author  = {Si Zhang and Hanghang Tong and Jiejun Xu and Ross Maciejewski},
  journal = {Computational Social Networks},
  title   = {Graph Convolutional Networks: A Comprehensive Revew},
  year    = {2019}
}

@article{Weisfeiler1968,
  author  = {Weisfeiler, Boris and Lehman, Andrei A.},
  journal = {Nauchno-Technicheskaya Informatsia},
  title   = {A reduction of a graph to a canonical form and an algebra arising during this reduction},
  year    = {1968},
  number  = {9},
  pages   = {12--16},
  volume  = {2},
  groups  = {WL}
}

@article{Huang2022,
  author        = {Ningyuan Huang and Soledad Villar},
  journal       = {CoRR},
  title         = {A Short Tutorial on The Weisfeiler-Lehman Test And Its Variants},
  year          = {2022},
  volume        = {abs/2201.07083},
  archiveprefix = {arXiv},
  bibsource     = {dblp computer science bibliography, https://dblp.org},
  biburl        = {https://dblp.org/rec/journals/corr/abs-2201-07083.bib},
  eprint        = {2201.07083},
  groups        = {WL},
  timestamp     = {Fri, 21 Jan 2022 13:57:15 +0100},
  url           = {https://arxiv.org/abs/2201.07083}
}

@article{Liu2022,
  author        = {Meng Liu and Haiyang Yu and Shuiwang Ji},
  journal       = {CoRR},
  title         = {Your Neighbors Are Communicating: Towards Powerful and Scalable Graph Neural Networks},
  year          = {2022},
  volume        = {abs/2206.02059},
  archiveprefix = {arXiv},
  bibsource     = {dblp computer science bibliography, https://dblp.org},
  biburl        = {https://dblp.org/rec/journals/corr/abs-2206-02059.bib},
  doi           = {10.48550/arXiv.2206.02059},
  eprint        = {2206.02059},
  groups        = {WL},
  timestamp     = {Mon, 13 Jun 2022 15:31:50 +0200},
  url           = {https://doi.org/10.48550/arXiv.2206.02059}
}

@inproceedings{Babai1979,
  author    = {L{\'{a}}szl{\'{o}} Babai and Ludek Kucera},
  booktitle = {20th Annual Symposium on Foundations of Computer Science, San Juan, Puerto Rico, 29-31 October 1979},
  title     = {Canonical Labelling of Graphs in Linear Average Time},
  year      = {1979},
  pages     = {39--46},
  publisher = {{IEEE} Computer Society},
  bibsource = {dblp computer science bibliography, https://dblp.org},
  biburl    = {https://dblp.org/rec/conf/focs/BabaiK79.bib},
  doi       = {10.1109/SFCS.1979.8},
  groups    = {WL},
  timestamp = {Wed, 16 Oct 2019 14:14:54 +0200},
  url       = {https://doi.org/10.1109/SFCS.1979.8}
}

@inproceedings{Chen2018,
  author    = {Jie Chen and Tengfei Ma and Cao Xiao},
  booktitle = {6th International Conference on Learning Representations, {ICLR} 2018, Vancouver, BC, Canada, April 30 - May 3, 2018, Conference Track Proceedings},
  title     = {FastGCN: Fast Learning with Graph Convolutional Networks via Importance Sampling},
  year      = {2018},
  publisher = {OpenReview.net},
  bibsource = {dblp computer science bibliography, https://dblp.org},
  biburl    = {https://dblp.org/rec/conf/iclr/ChenMX18.bib},
  groups    = {Regularization},
  timestamp = {Mon, 31 May 2021 15:36:24 +0200},
  url       = {https://openreview.net/forum?id=rytstxWAW}
}

@inproceedings{Gilmer2017,
  author    = {Justin Gilmer and Samuel S. Schoenholz and Patrick F. Riley and Oriol Vinyals and George E. Dahl},
  booktitle = {Proceedings of the 34th International Conference on Machine Learning, {ICML} 2017, Sydney, NSW, Australia, 6-11 August 2017},
  title     = {Neural Message Passing for Quantum Chemistry},
  year      = {2017},
  editor    = {Doina Precup and Yee Whye Teh},
  pages     = {1263--1272},
  publisher = {{PMLR}},
  series    = {Proceedings of Machine Learning Research},
  volume    = {70},
  bibsource = {dblp computer science bibliography, https://dblp.org},
  biburl    = {https://dblp.org/rec/conf/icml/GilmerSRVD17.bib},
  groups    = {datasets},
  timestamp = {Wed, 29 May 2019 08:41:45 +0200},
  url       = {http://proceedings.mlr.press/v70/gilmer17a.html}
}

@online{tensorflow,
  title   = {Tensorflow},
  url     = {https://www.tensorflow.org/},
  urldate = {2023-01-20},
  label   = {{TF}}
}

@article{Yang2020,
  author    = {Li Yang and Abdallah Shami},
  journal   = {Neurocomputing},
  title     = {On hyperparameter optimization of machine learning algorithms: Theory and practice},
  year      = {2020},
  pages     = {295--316},
  volume    = {415},
  bibsource = {dblp computer science bibliography, https://dblp.org},
  biburl    = {https://dblp.org/rec/journals/ijon/YangS20.bib},
  doi       = {10.1016/j.neucom.2020.07.061},
  groups    = {GridSearch},
  timestamp = {Wed, 07 Dec 2022 23:03:19 +0100},
  url       = {https://doi.org/10.1016/j.neucom.2020.07.061}
}

@article{Zoeller2021,
  author    = {Marc{-}Andr{\'{e}} Z{\"{o}}ller and Marco F. Huber},
  journal   = {J. Artif. Intell. Res.},
  title     = {Benchmark and Survey of Automated Machine Learning Frameworks},
  year      = {2021},
  pages     = {409--472},
  volume    = {70},
  bibsource = {dblp computer science bibliography, https://dblp.org},
  biburl    = {https://dblp.org/rec/journals/jair/ZollerH21.bib},
  doi       = {10.1613/jair.1.11854},
  groups    = {GridSearch},
  timestamp = {Sun, 02 Oct 2022 15:39:57 +0200},
  url       = {https://doi.org/10.1613/jair.1.11854}
}

@inproceedings{Lorenzo2017,
  author    = {Pablo Ribalta Lorenzo and Jakub Nalepa and Michal Kawulok and Luciano S{\'{a}}nchez Ramos and Jos{\'{e}} Ranilla Pastor},
  booktitle = {Proceedings of the Genetic and Evolutionary Computation Conference, {GECCO} 2017, Berlin, Germany, July 15-19, 2017},
  title     = {Particle swarm optimization for hyper-parameter selection in deep neural networks},
  year      = {2017},
  editor    = {Peter A. N. Bosman},
  pages     = {481--488},
  publisher = {{ACM}},
  bibsource = {dblp computer science bibliography, https://dblp.org},
  biburl    = {https://dblp.org/rec/conf/gecco/LorenzoNKRP17.bib},
  doi       = {10.1145/3071178.3071208},
  groups    = {GridSearch},
  timestamp = {Sun, 25 Jul 2021 11:54:52 +0200},
  url       = {https://doi.org/10.1145/3071178.3071208}
}

@inproceedings{He2007,
  author    = {Bingsheng He and Naga K. Govindaraju and Qiong Luo and Burton Smith},
  booktitle = {Proceedings of the 2007 {ACM}/{IEEE} conference on Supercomputing - {SC} {\textquotesingle}07},
  title     = {Efficient gather and scatter operations on graphics processors},
  year      = {2007},
  publisher = {{ACM} Press},
  doi       = {10.1145/1362622.1362684}
}
@inproceedings{God22,
  author    = {Jonathan Godwin and
               Michael Schaarschmidt and
               Alexander L. Gaunt and
               Alvaro Sanchez{-}Gonzalez and
               Yulia Rubanova and
               Petar Velickovic and
               James Kirkpatrick and
               Peter W. Battaglia},
  title     = {Simple {GNN} Regularisation for 3D Molecular Property Prediction and
               Beyond},
  booktitle = {The Tenth International Conference on Learning Representations, {ICLR}
               2022, Virtual Event, April 25-29, 2022},
  publisher = {OpenReview.net},
  year      = {2022},
  url       = {https://openreview.net/forum?id=1wVvweK3oIb},
  timestamp = {Sat, 20 Aug 2022 01:15:42 +0200},
  biburl    = {https://dblp.org/rec/conf/iclr/GodwinSGSRVKB22.bib},
  bibsource = {dblp computer science bibliography, https://dblp.org}
}
@Comment{jabref-meta: databaseType:bibtex;}

@Comment{jabref-meta: grouping:
0 AllEntriesGroup:;
1 StaticGroup:WL\;0\;0\;0x8a8a8aff\;\;\;;
1 StaticGroup:primary\;0\;1\;0x8a8a8aff\;\;\;;
1 StaticGroup:Regularization\;0\;0\;0x8a8a8aff\;\;Taxonomy and regularization techniques\;;
1 StaticGroup:GraphSAGE\;0\;0\;0x8a8a8aff\;\;\;;
1 StaticGroup:datasets\;0\;0\;0x8a8a8aff\;\;\;;
1 StaticGroup:frameworks\;0\;1\;0x8a8a8aff\;\;\;;
1 StaticGroup:useful-not-directly\;0\;1\;0x8a8a8aff\;\;\;;
1 StaticGroup:GeneralOverviewGNN\;0\;0\;0x8a8a8aff\;\;\;;
1 StaticGroup:Oversmoothing\;0\;1\;0x8a8a8aff\;\;Oversmoothing Issue generally. The reasons it happens\;;
1 StaticGroup:GridSearch\;0\;1\;0x8a8a8aff\;\;\;;
}
